% This file was created with JabRef 2.4.1.
% Encoding: UTF8

@INPROCEEDINGS{cocks,
  author = {Clifford Cocks},
  title = {An Identity Based Encryption Scheme Based on Quadratic Residue},
  booktitle = {Proceedings of the 8th IMA International Conference on Cryptography
	and Coding},
  year = {2001},
  owner = {Peter Peresini},
  timestamp = {2010.03.31}
}

@TECHREPORT{ot_equiv,
  author = {Claude Crepau},
  title = {Equivalence Between Two Flawours of Oblivious Transfer},
  institution = {Laboratory for Computer Scienice,
	
	M.I.T},
  note = {FIXME: neni to article, ale neviem presne co za typ to je},
  owner = {Peter Peresini},
  timestamp = {2010.02.20}
}

@MISC{nig,
  author = {Ivan Damgard},
  title = {CPT Notes, Graph Non-Isomorphism,
	
	Zero-Knowledge for NP and Exercises},
  howpublished = {\url{www.daimi.au.dk/~ivan/CPT1.pdf }},
  owner = {Peter Peresini},
  timestamp = {2010.02.21}
}

@INPROCEEDINGS{Joux04,
  author = {Antoine Joux},
  title = {Multicollisions in Iterated Hash Functions. Application to Cascaded
	Constructions},
  booktitle = {CRYPTO},
  year = {2004},
  pages = {306-316},
  bibsource = {DBLP, http://dblp.uni-trier.de},
  ee = {http://springerlink.metapress.com/openurl.asp?genre=article{\&}issn=0302-9743{\&}volume=3152{\&}spage=306}
}

@CONFERENCE{pss,
  author = {Mihir Bellare, Phillip Rogaway},
  title = {The Exact Security of Digital Signatures - How to Sign with RSA and
	Rabin},
  booktitle = {Advances in Cryptology – Eurocrypt 96 Proceedings},
  year = {1996},
  note = {Fixme: entry type},
  owner = {Peter Peresini},
  timestamp = {2010.02.26}
}

@ARTICLE{randommap,
  author = {Philippe Flajolet, Andrew M. Odlyzko},
  title = {Random mapping statistics},
  journal = {Advances in Cryptology - EUROCRYPT ‘89},
  year = {89},
  pages = {229-354},
  owner = {Peter Peresini},
  timestamp = {2010.03.01}
}

@ARTICLE{birthday,
  author = {David Wagner},
  title = {A generalized birthday problem},
  journal = {Advances in Cryptology - CRYPTO ‘02},
  year = {2002},
  owner = {Vlado Boza},
  timestamp = {2010.04.01}
}

@INPROCEEDINGS{yao,
  author = {A. C. Yao},
  title = {Protocols for Secure Computations (extended abstract)},
  year = {1982},
  pages = {160-164},
  organization = {Proceedings of the 21st Annual IEEE Symposium on the Foundations
	of Computer Science},
  owner = {Peter Peresini},
  timestamp = {2010.02.20}
}

@comment{jabref-meta: selector_publisher:}

@comment{jabref-meta: selector_author:}

@comment{jabref-meta: selector_journal:}

@comment{jabref-meta: selector_keywords:}

