% This file was created with JabRef 2.4.1.
% Encoding: UTF8

@TECHREPORT{ot_equiv,
  author = {Claude Crepau},
  title = {Equivalence Between Two Flawours of Oblivious Transfer},
  institution = {Laboratory for Computer Scienice,
	
	M.I.T},
  note = {FIXME: neni to article, ale neviem presne co za typ to je},
  owner = {Peter Peresini},
  timestamp = {2010.02.20}
}

@comment{jabref-meta: selector_publisher:}

@comment{jabref-meta: selector_author:}

@comment{jabref-meta: selector_journal:}

@comment{jabref-meta: selector_keywords:}

